<collection xmlns="http://www.loc.gov/MARC21/slim">
<record>
  <leader>00840nam0a22002291i 450 </leader>
  <controlfield tag="001">IT\ICCU\CNCE\020989</controlfield>
  <controlfield tag="005">20121207000000.0</controlfield>
  <datafield tag="012" ind1=" " ind2=" ">
    <subfield code="a">++++ ilro erus came (C) 1515 (T)</subfield>
    <subfield code="2">fei</subfield>
  </datafield>
  <datafield tag="100" ind1=" " ind2=" ">
    <subfield code="a">19970101d1515        0itac0103    ba</subfield>
  </datafield>
  <datafield tag="101" ind1=" " ind2=" ">
    <subfield code="a">LAT</subfield>
  </datafield>
  <datafield tag="102" ind1=" " ind2=" ">
    <subfield code="a">IT</subfield>
  </datafield>
  <datafield tag="200" ind1="1" ind2=" ">
    <subfield code="a">Carmina de urinarum iudiciis edita ab ... Egidio</subfield>
  </datafield>
  <datafield tag="210" ind1=" " ind2=" ">
    <subfield code="d">1515</subfield>
  </datafield>
  <datafield tag="215" ind1=" " ind2=" ">
    <subfield code="a">8ʻ</subfield>
  </datafield>
  <datafield tag="300" ind1=" " ind2=" ">
    <subfield code="a">ANNULLATA  ̈straniera (TO0E021834)</subfield>
  </datafield>
  <datafield tag="700" ind1=" " ind2="0">
    <subfield code="a">Gilles</subfield>
    <subfield code="c"> : de#Corbeil</subfield>
    <subfield code="3">IT\ICCU\CNCA\006045</subfield>
  </datafield>
  <datafield tag="712" ind1="0" ind2="2">
    <subfield code="a">s.n.</subfield>
    <subfield code="3">IT\ICCU\CNCT\000002</subfield>
    <subfield code="4">650</subfield>
  </datafield>
  <datafield tag="790" ind1=" " ind2="1">
    <subfield code="a">Corbeil,</subfield>
    <subfield code="b">Gilles : de</subfield>
    <subfield code="3">IT\ICCU\CNCA\006046</subfield>
    <subfield code="z">Gilles : de#Corbeil</subfield>
  </datafield>
  <datafield tag="790" ind1=" " ind2="0">
    <subfield code="a">Aegidius</subfield>
    <subfield code="c"> : Corboliensis</subfield>
    <subfield code="3">IT\ICCU\CNCA\006048</subfield>
    <subfield code="z">Gilles : de#Corbeil</subfield>
  </datafield>
  <datafield tag="790" ind1=" " ind2="0">
    <subfield code="a">Egidius</subfield>
    <subfield code="3">IT\ICCU\CNCA\016022</subfield>
    <subfield code="z">Gilles : de#Corbeil</subfield>
  </datafield>
  <datafield tag="801" ind1=" " ind2="3">
    <subfield code="a">IT</subfield>
    <subfield code="b">ICCU</subfield>
    <subfield code="c">20201114</subfield>
  </datafield>
  <datafield tag="899" ind1=" " ind2=" ">
    <subfield code="a">Biblioteca comunale Sperelliana. Gubbio</subfield>
    <subfield code="z">MUTILO</subfield>
    <subfield code="1">PG0049</subfield>
    <subfield code="2">UM1 11</subfield>
  </datafield>
</record>
</collection>
